<?xml version="1.0" encoding="UTF-8"?><collection xmlns="http://www.loc.gov/MARC21/slim"><record><leader>00302nam--2200109-i-4500</leader><controlfield tag="001">000040193</controlfield><controlfield tag="002">20161230</controlfield><controlfield tag="005">20161230201042</controlfield><controlfield tag="008">060222s1000------------r-----000-0-eng-d</controlfield><datafield ind1=" " ind2=" " tag="100"><subfield code="a">Ve Salon Int.De La Chimie. Catalogue Offickiel</subfield></datafield><datafield ind1=" " ind2=" " tag="245"><subfield code="a">Paris, presses documentaires, 1959. xlviii + 583 p</subfield></datafield><datafield ind1=" " ind2=" " tag="852"><subfield code="a">D.2051</subfield></datafield></record></collection>